<?xml version="1.0" encoding="UTF-8"?><collection xmlns="http://www.loc.gov/MARC21/slim"><record><leader>00634nam--2200181-i-4500</leader><controlfield tag="001">000024290</controlfield><controlfield tag="002">20161230</controlfield><controlfield tag="005">20161230201035</controlfield><controlfield tag="008">060222s1000------------r-----000-0-eng-d</controlfield><datafield ind1=" " ind2=" " tag="040"><subfield code="a">IFIN-HH</subfield></datafield><datafield ind1=" " ind2=" " tag="080"><subfield code="a">538.911:548.0:537.6</subfield></datafield><datafield ind1="1" ind2=" " tag="100"><subfield code="a">Zahlan, A.B</subfield></datafield><datafield ind1="1" ind2="0" tag="245"><subfield code="a">Excitons, magnons and phonons in molecular crystals</subfield><subfield code="b">Proceedings of an international symposium held at the physics department of the american university of beirut, lebanon 15-18 january, 1968</subfield><subfield code="c">A.b. zahlan (ed.)</subfield></datafield><datafield ind1=" " ind2=" " tag="260"><subfield code="a">Cambridge</subfield><subfield code="b">University Press</subfield><subfield code="c">1968</subfield></datafield><datafield ind1=" " ind2=" " tag="300"><subfield code="a">X + 224P</subfield></datafield><datafield ind1=" " ind2=" " tag="490"><subfield code="a">Proceedings</subfield></datafield><datafield ind1=" " ind2=" " tag="852"><subfield code="a">75160</subfield><subfield code="c">539.2</subfield></datafield><datafield ind1=" " ind2=" " tag="CAT"><subfield code="a">Sys</subfield><subfield code="c">20121123</subfield><subfield code="h">134116</subfield></datafield></record></collection>